@book{liu2009advanced,
  title={Advanced millimeter-wave technologies: antennas, packaging and circuits},
  author={Liu, Duixian and Pfeiffer, Ulrich and Grzyb, Janusz and Gaucher, Brian},
  year={2009},
  publisher={John Wiley \& Sons}
}
@article{grischkowsky1990far,
  title={Far-infrared time-domain spectroscopy with terahertz beams of dielectrics and semiconductors},
  author={Grischkowsky, D and Keiding, S{\o}ren and Van Exter, Martin and Fattinger, Ch},
  journal={JOSA B},
  volume={7},
  number={10},
  pages={2006--2015},
  year={1990},
  publisher={Optical Society of America}
}
@article{shi2018thz,
  title={THz photonics in two dimensional materials and metamaterials: properties, devices and prospects},
  author={Shi, Jinhui and Li, Zhongjun and Sang, David K and Xiang, Yuanjiang and Li, Jianqing and Zhang, Shuang and Zhang, Han},
  journal={Journal of Materials Chemistry C},
  volume={6},
  number={6},
  pages={1291--1306},
  year={2018},
  publisher={Royal Society of Chemistry}
}
@article{song2011present,
  title={Present and future of terahertz communications},
  author={Song, Ho-Jin and Nagatsuma, Tadao},
  journal={IEEE transactions on terahertz science and technology},
  volume={1},
  number={1},
  pages={256--263},
  year={2011},
  publisher={IEEE}
}
@article{kleine2011review,
  title={A review on terahertz communications research},
  author={Kleine-Ostmann, Thomas and Nagatsuma, Tadao},
  journal={Journal of Infrared, Millimeter, and Terahertz Waves},
  volume={32},
  number={2},
  pages={143--171},
  year={2011},
  publisher={Springer}
}
@article{pourahmadazar2018millimeter,
  title={Millimeter-wave planar antenna on flexible polyethylene terephthalate substrate with water base silver nanoparticles conductive ink},
  author={Pourahmadazar, Javad and Denidni, Tayeb A},
  journal={Microwave and Optical Technology Letters},
  volume={60},
  number={4},
  pages={887--891},
  year={2018},
  publisher={Wiley Online Library}
}
@article{chen2006active,
  title={Active terahertz metamaterial devices},
  author={Chen, Hou-Tong and Padilla, Willie J and Zide, Joshua MO and Gossard, Arthur C and Taylor, Antoinette J and Averitt, Richard D},
  journal={Nature},
  volume={444},
  number={7119},
  pages={597},
  year={2006},
  publisher={Nature Publishing Group}
}
@article{campos2008bulk,
  title={Bulk production of a new form of sp2 carbon: crystalline graphene nanoribbons},
  author={Campos-Delgado, Jessica and Romo-Herrera, Jos{\'e} Manuel and Jia, Xiaoting and Cullen, David A and Muramatsu, Hiroyuki and Kim, Yoong Ahm and Hayashi, Takuya and Ren, Zhifeng and Smith, David J and Okuno, Yu and others},
  journal={Nano letters},
  volume={8},
  number={9},
  pages={2773--2778},
  year={2008},
  publisher={ACS Publications}
}
@article{low2014graphene,
  title={Graphene plasmonics for terahertz to mid-infrared applications},
  author={Low, Tony and Avouris, Phaedon},
  journal={ACS nano},
  volume={8},
  number={2},
  pages={1086--1101},
  year={2014},
  publisher={ACS Publications}
}
@article{ju2011graphene,
  title={Graphene plasmonics for tunable terahertz metamaterials},
  author={Ju, Long and Geng, Baisong and Horng, Jason and Girit, Caglar and Martin, Michael and Hao, Zhao and Bechtel, Hans A and Liang, Xiaogan and Zettl, Alex and Shen, Y Ron and others},
  journal={Nature nanotechnology},
  volume={6},
  number={10},
  pages={630},
  year={2011},
  publisher={Nature Publishing Group}
}
@book{ng2019printing,
  title={Printing of Graphene and Related 2D Materials},
  author={Ng, Leonard WT and Hu, Guohua and Howe, Richard CT and Zhu, Xiaoxi and Yang, Zongyin and Jones, C and Hasan, Tawfique},
  year={2019},
  publisher={Springer}
}
@article{tamagnone2012analysis,
  title={Analysis and design of terahertz antennas based on plasmonic resonant graphene sheets},
  author={Tamagnone, Michele and Gomez-Diaz, JS and Mosig, JR and Perruisseau-Carrier, J},
  journal={Journal of Applied Physics},
  volume={112},
  number={11},
  pages={114915},
  year={2012},
  publisher={AIP}
}
@article{abadal2015time,
  title={Time-domain analysis of graphene-based miniaturized antennas for ultra-short-range impulse radio communications},
  author={Abadal, Sergi and Llatser, Ignacio and Mestres, Albert and Lee, Heekwan and Alarc{\'o}n, Eduard and Cabellos-Aparicio, Albert},
  journal={IEEE Transactions on communications},
  volume={63},
  number={4},
  pages={1470--1482},
  year={2015},
  publisher={IEEE}
  @incollection{hernandez2019wearable,
  title={Wearable Technology: Shaping Market Opportunities Through Innovation, Learning, and Networking},
  author={Hern{\'a}ndez, Guillermo Jes{\'u}s Larios},
  booktitle={Reverse Entrepreneurship in Latin America},
  pages={29--44},
  year={2019},
  publisher={Springer}
}
@article{flynn2011modeling,
  title={Modeling the mechanical response of in vivo human skin under a rich set of deformations},
  author={Flynn, Cormac and Taberner, Andrew and Nielsen, Poul},
  journal={Annals of biomedical engineering},
  volume={39},
  number={7},
  pages={1935--1946},
  year={2011},
  publisher={Springer}
}
@article{alekseev2007human,
  title={Human skin permittivity determined by millimeter wave reflection measurements},
  author={Alekseev, SI and Ziskin, MC},
  journal={Bioelectromagnetics: Journal of the Bioelectromagnetics Society, The Society for Physical Regulation in Biology and Medicine, The European Bioelectromagnetics Association},
  volume={28},
  number={5},
  pages={331--339},
  year={2007},
  publisher={Wiley Online Library}
}
@article{lynch1989growth,
  title={Growth factors in wound healing. Single and synergistic effects on partial thickness porcine skin wounds.},
  author={Lynch, Samuel E and Colvin, Robert B and Antoniades, Harry N},
  journal={The Journal of clinical investigation},
  volume={84},
  number={2},
  pages={640--646},
  year={1989},
  publisher={Am Soc Clin Investig}
}
@article{dashti2018graphene,
  title={Graphene Microstrip Patch Ultrawide Band Antennas for THz Communications},
  author={Dashti, Mojtaba and Carey, J David},
  journal={Advanced Functional Materials},
  volume={28},
  number={11},
  pages={1705925},
  year={2018},
  publisher={Wiley Online Library}
}
@article{abadal2015time,
  title={Time-domain analysis of graphene-based miniaturized antennas for ultra-short-range impulse radio communications},
  author={Abadal, Sergi and Llatser, Ignacio and Mestres, Albert and Lee, Heekwan and Alarc{\'o}n, Eduard and Cabellos-Aparicio, Albert},
  journal={IEEE Transactions on communications},
  volume={63},
  number={4},
  pages={1470--1482},
  year={2015},
  publisher={IEEE}
}
@inproceedings{berry2003optical,
  title={Optical properties of tissue measured using terahertz-pulsed imaging},
  author={Berry, Elizabeth and Fitzgerald, Anthony J and Zinov'ev, Nickolay N and Walker, Gillian Claire and Homer-Vanniasinkam, Shervanthi and Sudworth, Caroline D and Miles, Robert E and Chamberlain, J Martyn and Smith, Michael A},
  booktitle={Medical Imaging 2003: Physics of Medical Imaging},
  volume={5030},
  pages={459--471},
  year={2003},
  organization={International Society for Optics and Photonics}
}
@article{yang2015numerical,
  title={Numerical analysis and characterization of THz propagation channel for body-centric nano-communications},
  author={Yang, Ke and Pellegrini, Alice and Munoz, Max O and Brizzi, Alessio and Alomainy, Akram and Hao, Yang},
  journal={IEEE Transactions on Terahertz Science and technology},
  volume={5},
  number={3},
  pages={419--426},
  year={2015},
  publisher={IEEE}
}
@article{yang2015numerical,
  title={Numerical analysis and characterization of THz propagation channel for body-centric nano-communications},
  author={Yang, Ke and Pellegrini, Alice and Munoz, Max O and Brizzi, Alessio and Alomainy, Akram and Hao, Yang},
  journal={IEEE Transactions on Terahertz Science and technology},
  volume={5},
  number={3},
  pages={419--426},
  year={2015},
  publisher={IEEE}
}
@article{fitzgerald2003catalogue,
  title={Catalogue of human tissue optical properties at terahertz frequencies},
  author={Fitzgerald, AJ and Berry, E and Zinov'ev, NN and Homer-Vanniasinkam, S and Miles, RE and Chamberlain, JM and Smith, MA},
  journal={Journal of Biological Physics},
  volume={29},
  number={2-3},
  pages={123--128},
  year={2003},
  publisher={Springer}
}
@inproceedings{berry2003optical,
  title={Optical properties of tissue measured using terahertz-pulsed imaging},
  author={Berry, Elizabeth and Fitzgerald, Anthony J and Zinov'ev, Nickolay N and Walker, Gillian Claire and Homer-Vanniasinkam, Shervanthi and Sudworth, Caroline D and Miles, Robert E and Chamberlain, J Martyn and Smith, Michael A},
  booktitle={Medical Imaging 2003: Physics of Medical Imaging},
  volume={5030},
  pages={459--471},
  year={2003},
  organization={International Society for Optics and Photonics}
}
@article{park2016organic,
  title={Organic-inorganic halide perovskite photovoltaics},
  author={Park, Nam-Gyu and Miyasaka, T and Gr{\"a}tzel, M},
  journal={Cham, Switzerland: Springer},
  year={2016},
  publisher={Springer}
}
@article{chanana2017colour,
  title={Colour selective control of terahertz radiation using two-dimensional hybrid organic inorganic lead-trihalide perovskites},
  author={Chanana, Ashish and Zhai, Yaxin and Baniya, Sangita and Zhang, Chuang and Vardeny, Z Valy and Nahata, Ajay},
  journal={Nature communications},
  volume={8},
  number={1},
  pages={1328},
  year={2017},
  publisher={Nature Publishing Group}
}
@article{song2015perovskite,
  title={Perovskite solar cells: film formation and properties},
  author={Song, Tze-Bin and Chen, Qi and Zhou, Huanping and Jiang, Chengyang and Wang, Hsin-Hua and Yang, Yang Michael and Liu, Yongsheng and You, Jingbi and Yang, Yang},
  journal={Journal of Materials Chemistry A},
  volume={3},
  number={17},
  pages={9032--9050},
  year={2015},
  publisher={Royal Society of Chemistry}
}
@article{kulkarni2012mixed,
  title={Mixed ionic electronic conducting perovskite anode for direct carbon fuel cells},
  author={Kulkarni, A and Ciacchi, FT and Giddey, S and Munnings, C and Badwal, SPS and Kimpton, JA and Fini, D},
  journal={International Journal of Hydrogen Energy},
  volume={37},
  number={24},
  pages={19092--19102},
  year={2012},
  publisher={Elsevier}
}
@article{noel2014enhanced,
  title={Enhanced photoluminescence and solar cell performance via Lewis base passivation of organic--inorganic lead halide perovskites},
  author={Noel, Nakita K and Abate, Antonio and Stranks, Samuel D and Parrott, Elizabeth S and Burlakov, Victor M and Goriely, Alain and Snaith, Henry J},
  journal={ACS nano},
  volume={8},
  number={10},
  pages={9815--9821},
  year={2014},
  publisher={ACS Publications}
}
@article{ahmad2017instability,
  title={Instability in CH 3 NH 3 PbI 3 perovskite solar cells due to elemental migration and chemical composition changes},
  author={Ahmad, Zubair and Najeeb, Mansoor Ani and Shakoor, RA and Alashraf, Abdulla and Al-Muhtaseb, Shaheen A and Soliman, Ahmed and Nazeeruddin, MK},
  journal={Scientific reports},
  volume={7},
  number={1},
  pages={15406},
  year={2017},
  publisher={Nature Publishing Group}
}
@article{green2014emergence,
  title={The emergence of perovskite solar cells},
  author={Green, Martin A and Ho-Baillie, Anita and Snaith, Henry J},
  journal={Nature photonics},
  volume={8},
  number={7},
  pages={506},
  year={2014},
  publisher={Nature Publishing Group}
}
@article{ghann2017terahertz,
  title={Terahertz (THz) Spectroscopy: A Cutting-Edge Technology},
  author={Ghann, William and Uddin, Jamal},
  journal={Terahertz Spectroscopy A Cutting Edge Technology},
  year={2017},
  publisher={InTech: Rijeka, Croatia}
}
@article{rabbani2017liquid,
  title={Liquid crystalline polymer substrate-based THz microstrip antenna arrays for medical applications},
  author={Rabbani, Muhammad Saqib and Ghafouri-Shiraz, Hooshang},
  journal={IEEE Antennas and Wireless Propagation Letters},
  volume={16},
  pages={1533--1536},
  year={2017},
  publisher={IEEE}
}
@article{siegel2002terahertz,
  title={Terahertz technology},
  author={Siegel, Peter H},
  journal={IEEE Transactions on microwave theory and techniques},
  volume={50},
  number={3},
  pages={910--928},
  year={2002},
  publisher={IEEE}
}
@article{ranzani2013g,
  title={G-Band Micro-Fabricated Frequency-Steered Arrays With 2$\^{}$\backslash$circ $/GHz Beam Steering},
  author={Ranzani, Leonardo and Kuester, Daniel and Vanhille, Kenneth J and Boryssenko, Anatoliy and Grossman, Erich and Popovi{\'c}, Zoya},
  journal={IEEE Transactions on Terahertz Science and Technology},
  volume={3},
  number={5},
  pages={566--573},
  year={2013},
  publisher={IEEE}
}
@article{khatib2018response,
  title={Response Optimization of Antenna-Coupled FET Detectors for 0.85-to-1-THz Imaging},
  author={Khatib, Moustafa and Perenzoni, Matteo},
  journal={IEEE Microwave and Wireless Components Letters},
  number={99},
  pages={1--3},
  year={2018},
  publisher={IEEE}
}
@inproceedings{chen2016research,
  title={Research on a MEMS-technology-based corrugated horn antenna designed in Tera-Hertz regime},
  author={Chen, Bolin and Fengyi, Huang},
  booktitle={2016 IEEE International Conference on Microwave and Millimeter Wave Technology (ICMMT)},
  volume={1},
  pages={213--216},
  year={2016},
  organization={IEEE}
  
}
@article{naghdehforushha2017design,
  title={Design of plasmonic rectangular ribbon antenna based on graphene for terahertz band communication},
  author={Naghdehforushha, Seyed Arash and Moradi, Gholamreza},
  journal={IET Microwaves, Antennas \& Propagation},
  volume={12},
  number={5},
  pages={804--807},
  year={2017},
  publisher={IET}
}

@article{huang2014low,
  title={A low-loss dielectric using CaTiO 3-modified Mg 1.8 Ti 1.1 O 4 ceramics for applications in dielectric resonator antenna},
  author={Huang, CL and Tseng, YW},
  journal={IEEE Transactions on Dielectrics and Electrical Insulation},
  volume={21},
  number={5},
  pages={2293--2300},
  year={2014},
  publisher={IEEE}
}

@article{green2014emergence,
  title={The emergence of perovskite solar cells},
  author={Green, Martin A and Ho-Baillie, Anita and Snaith, Henry J},
  journal={Nature photonics},
  volume={8},
  number={7},
  pages={506},
  year={2014},
  publisher={Nature Publishing Group}
}

@article{dashti2018graphene,
  title={Graphene Microstrip Patch Ultrawide Band Antennas for THz Communications},
  author={Dashti, Mojtaba and Carey, J David},
  journal={Advanced Functional Materials},
  volume={28},
  number={11},
  pages={1705925},
  year={2018},
  publisher={Wiley Online Library}
}